@article{Robo2d,
    author = {Bruno Meneguele and Fernando Padilha and Vinicius Arcanjo},
    title = {Robô Explorador de Labirintos 2D},
    journal = {Universidade Tecnológica Federal do Paraná},
    year = {2011}
}

@misc{arduino1,
    author = {{Arduino Team}},
    title = {Arduino},
    howpublished = {\textit{http://arduino.cc}},
    month = {Outubro},
    year = {2011}
}

@misc{arduino2,
    author = {{Arduino Team}},
    title = {Arduino Duemilanove},
    howpublished = {\\ \textit{http://arduino.cc/en/Main/arduinoBoardDuemilanove}},
    month = {Outubro},
    year = {2011}
}

@misc{arduino3,
    author = {{Arduino Team}},
    title = {PWM},
    howpublished = {\textit{http://www.arduino.cc/en/Tutorial/PWM}},
    month = {Outubro},
    year = {2011}
}

@misc{bussola,
    author = {{Dinsmore Sensor Division}},
    title = {Dinsmore Sensing Systems Geral Information},
    year = {1993}
}

@misc{ponteh,
    author = {Luís Fernando Patsko},
    title = {Tutorial de Montagem da Ponte H},
    month = {Dezembro},
    year = {2006}
}

@article{newjersey,
    author = {Mark Buechel and Terence Nish and Nicholas Vacirca},
    title = {New Jersey Autonomous Vehicle},
    journal = {New Jersey: The College of New Jersey},
    year = {2005}
}

@misc{cmucam01,
    author = {{Carmegie Mellon University}},
    title = {CMUcam3: Open Source Programmable Embedded Color Vision Plataform},
    howpublished = {\textit{http://cmucam.org}},
    year = {2011}
}

@misc{cmucam02,
    author = {{Carmegie Mellon University}},
    title = {CMUcam3 Datasheet},
    year = {2006}
}

@article{conradt,
    author = {Jörg Conradt},
    title = {A Distributed Cognitive Map for Spatial Navigation Based on Graphically Organized Place Agents},
    journal = {Institute of Neuroinformatics, UZH/ETH-Zürich},
    year = {2008}
}
